<collection xmlns="http://www.loc.gov/MARC21/slim">
<record>
  <leader>01416nam0a22003011i 450 </leader>
  <controlfield tag="001">IT\ICCU\CNCE\024242</controlfield>
  <controlfield tag="005">20110808000000.0</controlfield>
  <datafield tag="012" ind1=" " ind2=" ">
    <subfield code="a">t.s. i.a. e.ni Nopl (3) 1504 (A)</subfield>
    <subfield code="2">fei</subfield>
  </datafield>
  <datafield tag="100" ind1=" " ind2=" ">
    <subfield code="a">19970730d1504        0itac0103    ba</subfield>
  </datafield>
  <datafield tag="101" ind1=" " ind2=" ">
    <subfield code="a">LAT</subfield>
  </datafield>
  <datafield tag="102" ind1=" " ind2=" ">
    <subfield code="a">IT</subfield>
  </datafield>
  <datafield tag="200" ind1="1" ind2=" ">
    <subfield code="a">Breviarium secundum ritum Curiae Vercellensis</subfield>
  </datafield>
  <datafield tag="210" ind1=" " ind2=" ">
    <subfield code="a">Venetiae</subfield>
    <subfield code="c">impressum per Albertinum De Lisona</subfield>
    <subfield code="d">1504</subfield>
    <subfield code="e">Venetiis</subfield>
    <subfield code="g">impressum per Albertinum De Lisona</subfield>
    <subfield code="h">1504 die 6 Februarij</subfield>
  </datafield>
  <datafield tag="215" ind1=" " ind2=" ">
    <subfield code="a">\16!, 412 c.</subfield>
    <subfield code="d">8ʻ</subfield>
  </datafield>
  <datafield tag="620" ind1=" " ind2=" ">
    <subfield code="a">IT</subfield>
    <subfield code="d">Venezia</subfield>
  </datafield>
  <datafield tag="710" ind1="0" ind2="2">
    <subfield code="a">Vercelli </subfield>
    <subfield code="c"> &lt;Diocesi&gt;</subfield>
    <subfield code="3">7070</subfield>
  </datafield>
  <datafield tag="712" ind1="0" ind2="2">
    <subfield code="a">Albertino da Lessona</subfield>
    <subfield code="3">IT\ICCU\CNCT\000451</subfield>
    <subfield code="4">650</subfield>
  </datafield>
  <datafield tag="790" ind1=" " ind2="0">
    <subfield code="a">Curia Vercellensis</subfield>
    <subfield code="3">IT\ICCU\CNCA\025256</subfield>
    <subfield code="z">Vercelli  &lt;Diocesi&gt;</subfield>
  </datafield>
  <datafield tag="790" ind1=" " ind2="0">
    <subfield code="a">Ecclesia Vercellensis</subfield>
    <subfield code="3">IT\ICCU\CNCA\025257</subfield>
    <subfield code="z">Vercelli  &lt;Diocesi&gt;</subfield>
  </datafield>
  <datafield tag="791" ind1="0" ind2="2">
    <subfield code="a">Albertinus Vercellensis</subfield>
    <subfield code="3">IT\ICCU\CNCT\002968</subfield>
    <subfield code="z">Albertino da Lessona</subfield>
  </datafield>
  <datafield tag="791" ind1="0" ind2="0">
    <subfield code="a">Lessona, Albertino da</subfield>
    <subfield code="3">IT\ICCU\CNCT\002969</subfield>
    <subfield code="z">Albertino da Lessona</subfield>
  </datafield>
  <datafield tag="791" ind1="0" ind2="0">
    <subfield code="a">Vercelli, Albertino da</subfield>
    <subfield code="3">IT\ICCU\CNCT\002970</subfield>
    <subfield code="z">Albertino da Lessona</subfield>
  </datafield>
  <datafield tag="791" ind1="0" ind2="2">
    <subfield code="a">Albertino da Vercelli</subfield>
    <subfield code="3">IT\ICCU\CNCT\003188</subfield>
    <subfield code="z">Albertino da Lessona</subfield>
  </datafield>
  <datafield tag="791" ind1="0" ind2="0">
    <subfield code="a">Lisona, Albertino de</subfield>
    <subfield code="3">IT\ICCU\CNCT\003189</subfield>
    <subfield code="z">Albertino da Lessona</subfield>
  </datafield>
  <datafield tag="791" ind1="0" ind2="0">
    <subfield code="a">Lissona, Albertino de</subfield>
    <subfield code="3">IT\ICCU\CNCT\004224</subfield>
    <subfield code="z">Albertino da Lessona</subfield>
  </datafield>
  <datafield tag="801" ind1=" " ind2="3">
    <subfield code="a">IT</subfield>
    <subfield code="b">ICCU</subfield>
    <subfield code="c">20201114</subfield>
  </datafield>
  <datafield tag="899" ind1=" " ind2=" ">
    <subfield code="a">Biblioteca Ambrosiana. Milano</subfield>
    <subfield code="1">MI0133</subfield>
    <subfield code="2">VBA 01</subfield>
  </datafield>
  <datafield tag="899" ind1=" " ind2=" ">
    <subfield code="a">Biblioteca universitaria Alessandrina. Roma</subfield>
    <subfield code="1">RM0280</subfield>
    <subfield code="2">RML 01</subfield>
  </datafield>
</record>
</collection>
